<?xml version = "1.0" encoding = "UTF-8"?><record>
  <leader>01209naa#a2200313#c#4500</leader>
  <controlfield tag="005">20210409075634.0</controlfield>
  <controlfield tag="007">tu</controlfield>
  <controlfield tag="008">130206|2012####gw############|||#|#ger#c</controlfield>
  <controlfield tag="003">DE-605</controlfield>
  <controlfield tag="001">990194515170206441</controlfield>
  <datafield tag="035" ind1=" " ind2=" ">
    <subfield code="a">(DE-605)HT017536715</subfield>
  </datafield>
  <datafield tag="040" ind1=" " ind2=" ">
    <subfield code="a">Bm 3</subfield>
    <subfield code="b">ger</subfield>
    <subfield code="d">61</subfield>
    <subfield code="e">rakwb</subfield>
  </datafield>
  <datafield tag="041" ind1=" " ind2=" ">
    <subfield code="a">ger</subfield>
  </datafield>
  <datafield tag="044" ind1=" " ind2=" ">
    <subfield code="c">XA-DE</subfield>
  </datafield>
  <datafield tag="084" ind1=" " ind2=" ">
    <subfield code="a">M&#252;lheim an der Ruhr</subfield>
    <subfield code="0">https://nwbib.de/spatial#Q2899</subfield>
    <subfield code="2">nwbib</subfield>
    <subfield code="0">(uri) https://portal.dnb.de/opac.htm?method=simpleSearch&amp;cqlMode=true&amp;query=idn=040404757</subfield>
    <subfield code="0">(uri) http://viaf.org/viaf/sourceID/DNB|040404757</subfield>
  </datafield>
  <datafield tag="084" ind1=" " ind2=" ">
    <subfield code="a">Kirchenkreis An der Ruhr</subfield>
    <subfield code="0">https://nwbib.de/spatial#Q63078887</subfield>
    <subfield code="2">nwbib</subfield>
  </datafield>
  <datafield tag="084" ind1=" " ind2=" ">
    <subfield code="a">Kirchengeschichte</subfield>
    <subfield code="0">https://nwbib.de/subjects#N613010</subfield>
    <subfield code="2">nwbib</subfield>
  </datafield>
  <datafield tag="100" ind1="1" ind2=" ">
    <subfield code="a">Emons, Thomas</subfield>
    <subfield code="d">1968-</subfield>
    <subfield code="0">(DE-588)129424323</subfield>
    <subfield code="4">aut</subfield>
    <subfield code="0">(uri) https://portal.dnb.de/opac.htm?method=simpleSearch&amp;cqlMode=true&amp;query=idn=129424323</subfield>
    <subfield code="0">(uri) http://viaf.org/viaf/sourceID/DNB|129424323</subfield>
    <subfield code="B">GND-129424323</subfield>
  </datafield>
  <datafield tag="245" ind1="1" ind2="0">
    <subfield code="a">&lt;&lt;Die&gt;&gt; Evangelische Kirche im Wandel</subfield>
    <subfield code="b">Luthers Erben an der Ruhr</subfield>
    <subfield code="c">Thomas Emons</subfield>
  </datafield>
  <datafield tag="264" ind1=" " ind2="1">
    <subfield code="c">2012</subfield>
  </datafield>
  <datafield tag="689" ind1="0" ind2="0">
    <subfield code="a">M&#252;lheim an der Ruhr</subfield>
    <subfield code="D">g</subfield>
    <subfield code="0">(DE-588)4040475-4</subfield>
    <subfield code="0">(uri) https://portal.dnb.de/opac.htm?method=simpleSearch&amp;cqlMode=true&amp;query=idn=040404757</subfield>
    <subfield code="0">(uri) http://viaf.org/viaf/sourceID/DNB|040404757</subfield>
    <subfield code="B">GND-040404757</subfield>
  </datafield>
  <datafield tag="689" ind1="0" ind2="1">
    <subfield code="a">Evangelische Kirche im Rheinland</subfield>
    <subfield code="b">Kirchenkreis An der Ruhr</subfield>
    <subfield code="D">b</subfield>
    <subfield code="0">(DE-588)1183319010</subfield>
    <subfield code="0">(uri) https://portal.dnb.de/opac.htm?method=simpleSearch&amp;cqlMode=true&amp;query=idn=1183319010</subfield>
    <subfield code="0">(uri) http://viaf.org/viaf/sourceID/DNB|1183319010</subfield>
    <subfield code="B">GND-1183319010</subfield>
  </datafield>
  <datafield tag="689" ind1="0" ind2="2">
    <subfield code="a">Geschichte</subfield>
    <subfield code="A">z</subfield>
  </datafield>
  <datafield tag="773" ind1="0" ind2="8">
    <subfield code="i">Enthalten in</subfield>
    <subfield code="t">Jahrbuch / M&#252;lheim an der Ruhr</subfield>
    <subfield code="d">M&#252;lheim, Ruhr</subfield>
    <subfield code="g">67 (2012), S. 58-64 : Ill., Kt.</subfield>
    <subfield code="w">(DE-605)HT006816401</subfield>
  </datafield>
  <datafield tag="960" ind1="1" ind2=" ">
    <subfield code="n">NWBib-61</subfield>
  </datafield>
  <datafield tag="964" ind1="0" ind2="s">
    <subfield code="F">030</subfield>
    <subfield code="A">a|1uc||||||17</subfield>
  </datafield>
  <datafield tag="964" ind1="0" ind2="s">
    <subfield code="F">050</subfield>
    <subfield code="A">a|||||||||||||</subfield>
  </datafield>
  <datafield tag="964" ind1="0" ind2="s">
    <subfield code="F">051</subfield>
    <subfield code="A">at||||||</subfield>
  </datafield>
  <datafield tag="035" ind1=" " ind2=" ">
    <subfield code="a">(DE-599)HBZHT017536715</subfield>
  </datafield>
  <datafield tag="MBD" ind1=" " ind2=" ">
    <subfield code="M">49HBZ_NETWORK</subfield>
    <subfield code="i">990194515170206441</subfield>
    <subfield code="n">HBZ Network</subfield>
  </datafield>
  <datafield tag="MNG" ind1=" " ind2=" ">
    <subfield code="c">System</subfield>
    <subfield code="f">ILS</subfield>
    <subfield code="i">marc21</subfield>
    <subfield code="k">01</subfield>
    <subfield code="e">false</subfield>
    <subfield code="d">2021-07-31 04:17:41 Europe/Berlin</subfield>
    <subfield code="g">019451517-HBZ01</subfield>
    <subfield code="j">60</subfield>
    <subfield code="a">import</subfield>
    <subfield code="b">2021-04-05 18:45:52 Europe/Berlin</subfield>
  </datafield>
  <datafield tag="GKT" ind1="2" ind2=" ">
    <subfield code="a">M&#252;lheim an der Ruhr</subfield>
    <subfield code="b">Stadtverwaltung</subfield>
    <subfield code="4">spio</subfield>
    <subfield code="4">https://d-nb.info/standards/elementset/gnd#variantName</subfield>
    <subfield code="w">r</subfield>
    <subfield code="i">Spitzenorgan</subfield>
    <subfield code="e">Spitzenorgan</subfield>
    <subfield code="A">GND</subfield>
    <subfield code="B">GND-040404757</subfield>
    <subfield code="C">410</subfield>
  </datafield>
  <datafield tag="GKT" ind1="2" ind2=" ">
    <subfield code="a">M&#252;lheim an der Ruhr</subfield>
    <subfield code="b">Hauptamt</subfield>
    <subfield code="4">spio</subfield>
    <subfield code="4">https://d-nb.info/standards/elementset/gnd#variantName</subfield>
    <subfield code="w">r</subfield>
    <subfield code="i">Spitzenorgan</subfield>
    <subfield code="e">Spitzenorgan</subfield>
    <subfield code="A">GND</subfield>
    <subfield code="B">GND-040404757</subfield>
    <subfield code="C">410</subfield>
  </datafield>
  <datafield tag="GKT" ind1="2" ind2=" ">
    <subfield code="a">M&#252;lheim an der Ruhr</subfield>
    <subfield code="b">Oberstadtdirektor</subfield>
    <subfield code="4">spio</subfield>
    <subfield code="4">https://d-nb.info/standards/elementset/gnd#variantName</subfield>
    <subfield code="w">r</subfield>
    <subfield code="i">Spitzenorgan</subfield>
    <subfield code="e">Spitzenorgan</subfield>
    <subfield code="A">GND</subfield>
    <subfield code="B">GND-040404757</subfield>
    <subfield code="C">410</subfield>
  </datafield>
  <datafield tag="GSI" ind1="7" ind2=" ">
    <subfield code="a">4040475-4</subfield>
    <subfield code="0">http://d-nb.info/gnd/4040475-4</subfield>
    <subfield code="2">gnd</subfield>
    <subfield code="A">GND</subfield>
    <subfield code="B">GND-040404757</subfield>
    <subfield code="C">024</subfield>
  </datafield>
  <datafield tag="GSI" ind1="7" ind2=" ">
    <subfield code="a">2867838</subfield>
    <subfield code="2">geonames</subfield>
    <subfield code="A">GND</subfield>
    <subfield code="B">GND-040404757</subfield>
    <subfield code="C">024</subfield>
  </datafield>
  <datafield tag="GGN" ind1=" " ind2=" ">
    <subfield code="a">M&#252;lheim, Ruhr</subfield>
    <subfield code="A">GND</subfield>
    <subfield code="B">GND-040404757</subfield>
    <subfield code="C">451</subfield>
  </datafield>
  <datafield tag="GGN" ind1=" " ind2=" ">
    <subfield code="a">M&#252;lheim</subfield>
    <subfield code="g">Ruhr</subfield>
    <subfield code="A">GND</subfield>
    <subfield code="B">GND-040404757</subfield>
    <subfield code="C">451</subfield>
  </datafield>
  <datafield tag="GGN" ind1=" " ind2=" ">
    <subfield code="a">M&#252;lheim a. d. Ruhr</subfield>
    <subfield code="A">GND</subfield>
    <subfield code="B">GND-040404757</subfield>
    <subfield code="C">451</subfield>
  </datafield>
  <datafield tag="GKT" ind1="2" ind2=" ">
    <subfield code="a">Evangelische Kirche im Rheinland</subfield>
    <subfield code="b">Evangelischer Kirchenkreis An der Ruhr</subfield>
    <subfield code="A">GND</subfield>
    <subfield code="B">GND-1183319010</subfield>
    <subfield code="C">410</subfield>
  </datafield>
  <datafield tag="GKT" ind1="2" ind2=" ">
    <subfield code="a">Kirchenkreis An der Ruhr</subfield>
    <subfield code="A">GND</subfield>
    <subfield code="B">GND-1183319010</subfield>
    <subfield code="C">410</subfield>
  </datafield>
  <datafield tag="GKT" ind1="2" ind2=" ">
    <subfield code="a">Evangelischer Kirchenkreis An der Ruhr</subfield>
    <subfield code="A">GND</subfield>
    <subfield code="B">GND-1183319010</subfield>
    <subfield code="C">410</subfield>
  </datafield>
  <datafield tag="GSI" ind1="7" ind2=" ">
    <subfield code="a">http://d-nb.info/gnd/1183319010</subfield>
    <subfield code="2">uri</subfield>
    <subfield code="A">GND</subfield>
    <subfield code="B">GND-1183319010</subfield>
    <subfield code="C">024</subfield>
  </datafield>
  <datafield tag="GSI" ind1="7" ind2=" ">
    <subfield code="a">http://d-nb.info/gnd/129424323</subfield>
    <subfield code="2">uri</subfield>
    <subfield code="A">GND</subfield>
    <subfield code="B">GND-129424323</subfield>
    <subfield code="C">024</subfield>
  </datafield>
</record>